@inproceedings{zaripov1960algorithmic,
  title={An algorithmic description of a process of musical composition},
  author={Zaripov, R Kh},
  booktitle={Doklady Akademii Nauk},
  volume={132},
  number={6},
  pages={1283--1286},
  year={1960},
  organization={Russian Academy of Sciences}
}

@article{roberts2018hierarchical,
  title={A hierarchical latent vector model for learning long-term structure in music},
  author={Roberts, Adam and Engel, Jesse and Raffel, Colin and Hawthorne, Curtis and Eck, Douglas},
  journal={arXiv preprint arXiv:1803.05428},
  year={2018}
}

@misc{rocca_2020, title={Understanding Variational Autoencoders (VAEs)}, url={https://towardsdatascience.com/understanding-variational-autoencoders-vaes-f70510919f73}, journal={Medium}, publisher={Towards Data Science}, author={Rocca, Joseph}, year={2020}, month={Mar}}
}

@article{lucas2019understanding,
  title={Understanding posterior collapse in generative latent variable models},
  author={Lucas, James and Tucker, George and Grosse, Roger and Norouzi, Mohammad},
  year={2019}
}

@inproceedings{raffel2016extracting,
  title={Extracting Ground-Truth Information from MIDI Files: A MIDIfesto.},
  author={Raffel, Colin and Ellis, Daniel PW},
  booktitle={ISMIR},
  pages={796--802},
  year={2016}
}